% This file was created with JabRef 2.10b2.
% Encoding: UTF-8

@article{Aaron:2010su,
      author         = "Aaron, F. D. and others",
      title          = "{Diffractive Dijet Photoproduction in ep Collisions at
                        HERA}",
      collaboration  = "H1",
      journal        = "Eur. Phys. J.",
      volume         = "C70",
      year           = "2010",
      pages          = "15-37",
      doi            = "10.1140/epjc/s10052-010-1448-6",
      eprint         = "1006.0946",
      archivePrefix  = "arXiv",
      primaryClass   = "hep-ex",
      reportNumber   = "DESY-10-043, DESY10-043",
      SLACcitation   = "%%CITATION = ARXIV:1006.0946;%%"
}
@article{Aaron:2010aa,
      author         = "Aaron, F. D. and others",
      title          = "{Measurement of the cross section for diffractive
                        deep-inelastic scattering with a leading proton at HERA}",
      journal        = "Eur. Phys. J.",
      volume         = "C71",
      year           = "2011",
      pages          = "1578",
      doi            = "10.1140/epjc/s10052-011-1578-5",
      eprint         = "1010.1476",
      archivePrefix  = "arXiv",
      primaryClass   = "hep-ex",
      reportNumber   = "DESY-10-095",
      SLACcitation   = "%%CITATION = ARXIV:1010.1476;%%"
}
@article{Andreev:2015cwa,
      author         = "Andreev, V. and others",
      title          = "{Diffractive Dijet Production with a Leading Proton in
                        $ep$ Collisions at HERA}",
      collaboration  = "H1",
      journal        = "JHEP",
      volume         = "05",
      year           = "2015",
      pages          = "056",
      doi            = "10.1007/JHEP05(2015)056",
      eprint         = "1502.01683",
      archivePrefix  = "arXiv",
      primaryClass   = "hep-ex",
      reportNumber   = "DESY-14-242",
      SLACcitation   = "%%CITATION = ARXIV:1502.01683;%%"
}
@article{Chekanov:2008fh,
      author         = "Chekanov, S. and others",
      title          = "{Deep inelastic scattering with leading protons or large
                        rapidity gaps at HERA}",
      collaboration  = "ZEUS",
      journal        = "Nucl. Phys.",
      volume         = "B816",
      year           = "2009",
      pages          = "1-61",
      doi            = "10.1016/j.nuclphysb.2009.03.003",
      eprint         = "0812.2003",
      archivePrefix  = "arXiv",
      primaryClass   = "hep-ex",
      reportNumber   = "DESY-08-175",
      SLACcitation   = "%%CITATION = ARXIV:0812.2003;%%"
}
@article{Crittenden:1997yz,
      author         = "Crittenden, J. A.",
      title          = "{Exclusive production of neutral vector mesons at the
                        electron - proton collider HERA}",
      year           = "1997",
      eprint         = "hep-ex/9704009",
      archivePrefix  = "arXiv",
      primaryClass   = "hep-ex",
      reportNumber   = "DESY-97-068, BONN-IR-97-01",
      SLACcitation   = "%%CITATION = HEP-EX/9704009;%%"
}
@article{Guzey:2016awf,
      author         = "Guzey, V. and Klasen, M.",
      title          = "{A fresh look at factorization breaking in diffractive
                        photoproduction of dijets at HERA at next-to-leading order
                        QCD}",
      journal        = "Eur. Phys. J.",
      volume         = "C76",
      year           = "2016",
      number         = "8",
      pages          = "467",
      doi            = "10.1140/epjc/s10052-016-4304-5",
      eprint         = "1606.01350",
      archivePrefix  = "arXiv",
      primaryClass   = "hep-ph",
      reportNumber   = "MS-TP-16-15",
      SLACcitation   = "%%CITATION = ARXIV:1606.01350;%%"
}
@article{Guzey:2016tek,
      author         = "Guzey, V. and Klasen, M.",
      title          = "{Diffractive dijet photoproduction in ultraperipheral
                        collisions at the LHC in next-to-leading order QCD}",
      journal        = "JHEP",
      volume         = "04",
      year           = "2016",
      pages          = "158",
      doi            = "10.1007/JHEP04(2016)158",
      eprint         = "1603.06055",
      archivePrefix  = "arXiv",
      primaryClass   = "hep-ph",
      reportNumber   = "MS-TP-16-10",
      SLACcitation   = "%%CITATION = ARXIV:1603.06055;%%"
}
@article{Benaglia:2014aqa,
      author         = "Benaglia, A.",
      title          = "{The CMS ECAL performance with examples}",
      booktitle      = "{Proceedings, 13th Topical Seminar on Innovative Particle
                        and Radiation Detectors (IPRD13): Siena, Italy, October
                        7-10, 2013}",
      collaboration  = "CMS",
      journal        = "JINST",
      volume         = "9",
      year           = "2014",
      pages          = "C02008",
      doi            = "10.1088/1748-0221/9/02/C02008",
      SLACcitation   = "%%CITATION = JINST,9,C02008;%%"
}
@article{Bethke:2006ac,
      author         = "Bethke, Siegfried",
      title          = "{Experimental tests of asymptotic freedom}",
      journal        = "Prog. Part. Nucl. Phys.",
      volume         = "58",
      year           = "2007",
      pages          = "351-386",
      doi            = "10.1016/j.ppnp.2006.06.001",
      eprint         = "hep-ex/0606035",
      archivePrefix  = "arXiv",
      primaryClass   = "hep-ex",
      reportNumber   = "MPE-2006-54",
      SLACcitation   = "%%CITATION = HEP-EX/0606035;%%"
}
